02RETORNO01COBRANCA       845000091874        REDE COLIB DES SERV INTERNE   341BANCO ITAU S.A.01041101600BPI00007040411                                                                                                                                                                                                                                                                                   000001
10209509685000170845000091874        009509685000170000000594000004134            176000041346             I06010411000000413400004134            040411000000000320034143208DM000000000029000000000000000000000000000000000000000000000000000000000000000000000000000291000000000000000000000000000   04041100000000000000000000000NOBERTO MONTEIRO                                                    B1000002
10209509685000170845000091874        009509685000170000000594000004240            176000042401             I06010411000000424000004240            070411000000000320034108953DM000000000029000000000000000000000000000000000000000000000000000000000000000000000000000291000000000000000000000000000   04041100000000000000000000000MARCIA DE JESUS FACCIN NIZA                                         BL000003
9201341          000000000000000000000000000000          000000000000000000000000000000                                                  000000000000000000000000000000          0000000300000000014400  04/04S000070000000200000000006400                                                                                                                                                                000004
